<?xml version="1.0" encoding="UTF-8"?><collection xmlns="http://www.loc.gov/MARC21/slim"><record><leader>00396nam--2200145-i-4500</leader><controlfield tag="001">000024543</controlfield><controlfield tag="002">20161230</controlfield><controlfield tag="005">20161230201035</controlfield><controlfield tag="008">060222s1000------------r-----000-0-eng-d</controlfield><datafield ind1=" " ind2=" " tag="080"><subfield code="a">517.55</subfield></datafield><datafield ind1="1" ind2=" " tag="100"><subfield code="a">Homentcovschi, D</subfield></datafield><datafield ind1="1" ind2="0" tag="245"><subfield code="a">Functii complexe cu aplicatii in stiinta si tehnica</subfield></datafield><datafield ind1=" " ind2=" " tag="260"><subfield code="a">Bucuresti, Editura Tehnica, 1986, 344p</subfield></datafield><datafield ind1=" " ind2=" " tag="852"><subfield code="a">73092</subfield><subfield code="c">517.55</subfield></datafield><datafield ind1=" " ind2=" " tag="CAT"><subfield code="a">Sys</subfield><subfield code="c">20080820</subfield><subfield code="h">140733</subfield></datafield></record></collection>